<?xml version="1.0" encoding="UTF-8"?><collection xmlns="http://www.loc.gov/MARC21/slim"><record><leader>00418nam--2200157-i-4500</leader><controlfield tag="001">000014234</controlfield><controlfield tag="002">20161230</controlfield><controlfield tag="005">20170221155926</controlfield><controlfield tag="008">060222s1000------------r-----000-0-eng-d</controlfield><datafield ind1=" " ind2=" " tag="100"><subfield code="a">Craioveanu, Mircea</subfield></datafield><datafield ind1=" " ind2=" " tag="245"><subfield code="a">Geometrie afina si euclidiana. Exercitii</subfield></datafield><datafield ind1=" " ind2=" " tag="260"><subfield code="a">Timisoara</subfield><subfield code="b">Editura Facla</subfield><subfield code="c">1982</subfield></datafield><datafield ind1=" " ind2=" " tag="300"><subfield code="a">316 p</subfield></datafield><datafield ind1=" " ind2=" " tag="700"><subfield code="a">Albu, Ion Doru</subfield></datafield><datafield ind1=" " ind2=" " tag="852"><subfield code="a">514.122:514.142(076.1)</subfield></datafield><datafield ind1=" " ind2=" " tag="CAT"><subfield code="a">SYS</subfield><subfield code="c">20170221</subfield><subfield code="h">155926</subfield></datafield></record></collection>